@inbook{Haugen1990,
	author = {Einar Haugen},
	editor = {Bernard Comrie},
	title = {The World's Major Languages},
	chapter = {Danish, Norwegian and Swedish},
	pages = {157--179},
	publisher = {OUP},
	year = 1990
}

@article{Forsberg2006,
  author = {Markus Forsberg and Harald Hammarström and Aarne Ranta},
  title = {Morphological lexicon extraction from raw text data},
  journal = {FinTAL 2006},
  pages = {488--499},
  year = 2006
}

@article{Koehn2007,
  author = {Philipp Koehn and Hieu Hoang and Alexandra Birch and Chris Callison-Burch and Marcello Federico and Nicola Bertoldi and Brooke Cowan and Wade Shen and Christine Moran and Richard Zens and Chris Dyer and Ondrej Bojar and Alexandra Constantin and Evan Herbst},
  title = {Moses: Open Source Toolkit for Statistical Machine Translation},
  journal = {ACL Demonstration Session},
  year = 2007
}

@article{Koehn2005,
  author = {Philipp Koehn},
  title = {Europarl: A Parallel Corpus for Statistical Machine Translation},
  journal = {Proceedings of MT Summit 2005},
  year = 2005
}

@article{tyers2008,
  author = {Francis M. Tyers and Jacques Pienaar},
  title = {{Extracting bilingual word pairs from Wikipedia}},
  journal = {Proceedings of the SALTMIL Workshop at the Language Resources and Evaluation Conference, LREC08},
  pages = {19--22},
  year = 2008
}

@Article{sanchez2008,
  author =       {S{\'{a}}nchez-Mart{\'{\i}}nez, Felipe
                 and P{\'{e}}rez-Ortiz, Juan Antonio
                 and Forcada, Mikel L.},
  title =        {Using target-language information to train part-of-speech taggers for machine translation},
  journal =      {Machine Translation},
  year =         {2008},
  volume =       {22},
  number =       {1-2},
  pages =        {29--66},
  note =         {DOI: 10.1007/s10590-008-9044-3},
}

@incollection{hagen2000cbt,
        title = {{A Constraint-Based Tagger for Norwegian}},
        address = {Odense},
        author = {K. Hagen and J.B. Johannessen and A. Nøklestad},
        booktitle = {17th Scandinavian Conference of Linguistics},
        editor = {Carl-Erik Lindberg and Steffen Nordahl Lund},
        pages = {31--48},
        publisher = {Syddansk Universitet},
        series = {Odense Working Papers in Language and Communication},
        volume = 19,
        year = 2000,
        url = {http://www.hf.uib.no/i/LiLi/SLF/und/SPRT/sprt07/Janne/Scand.conf.-98.ps},
        biburl = {http://www.bibsonomy.org/bibtex/24c2492aff7380ca4594239c325397b6b/unhammer},
	keywords = {CG OBT apertium},
}


@book{karlsson1995,
	author		=	{F. Karlsson and A. Voutilainen and J. Heikkilä and A. Anttila},
	title		=	{Constraint Grammar: A language independent system for parsing unrestricted text},
	publisher 	=	{Mouton de Gruyter},
	year		=	1995
}

@article{ortiz2005,
	author		=	{Sergio Ortiz-Rojas and Mikel L. Forcada and Gema Ramírez-Sánchez},
	title		=	{{``Construcción y minimización eficiente de transductores de letras a partir de diccionarios con paradigmas''}},
	journal		=	{Procesamiento del Lenguaje Natural},
	volume		=	{35},
	year		=	2005
}

@incollection{armentano06p,
  author    = {Armentano-Oller, Carme and
               Carrasco, Rafael C. and
               Corbí-Bellot, Antonio M. and
               Forcada, Mikel L. and
               Ginest{\'{\i}}-Rosell, Mireia and
               Ortiz-Rojas, Sergio and
               P{\'{e}}rez-Ortiz, Juan Antonio and
               Ram{\'{\i}}rez-S{\'{a}}nchez, Gema and
               S{\'{a}}nchez-Mart{\'{\i}}nez, Felipe  and
               Scalco, Miriam A.},
  title     = {Open-source {P}ortuguese--{S}panish machine translation},
 booktitle = {Computational Processing of the {P}ortuguese Language, 
               Proceedings of {PROPOR} 2006},
  year      = 2006,
  month     = {May},
  volume  = 3960,
  series  = {LNCS},
  pages   = {50--59},
  location     = {Itatiaia, Brazil},
  copyright    = {Springer-Verlag},
  isbn         = {3-540-34045-9}
}
%  editor  = {Vieira, R. and Quaresma, P. and Nunes, M.d.G.V. and
%             Mamede, N.J. and Oliveira, C. and Dias, M.C.},
%  publisher = {Springer-Verlag},




%%
%%(2007) Sami Virpioja, Jaako J.Väyrynen, Mathias Creutz, & Markus Sadeniemi: Morphology-aware statistical machine translation based on morphs induced in an unsupervised manner. MT Summit XI, 10-14 September 2007, Copenhagen, Denmark. Proceedings; pp.491-498 [PDF, 105KB]
%%
%%(2007) Martin Volk & Søren Harder: Evaluating MT with translations or translators: what is the difference? MT Summit XI, 10-14 September 2007, Copenhagen, Denmark. Proceedings; pp.499-506 [PDF, 61KB]
%%(2008) Daniel Zeman & Philip Resnik: Cross-language parser adaptation between related languages. IJCNLP 2008: Workshop on NLP for Less Privileged Languages. Proceedings of the workshop, 11 January 2008, Hyderabad, India; pp.35-42. [PDF, 150KB]
%%
